<?xml version="1.0" encoding="UTF-8"?>
<record xmlns="http://www.loc.gov/MARC21/slim" xmlns:xsi="http://www.w3.org/2001/XMLSchema-instance" xsi:schemaLocation="http://www.loc.gov/MARC21/slim http://www.loc.gov/standards/marcxml/schema/MARC21slim.xsd">
<leader>00000cam a22      a 4500</leader>
<controlfield tag="001">001677331</controlfield>
<controlfield tag="003">NNU</controlfield>
<controlfield tag="005">20150605173529.0</controlfield>
<controlfield tag="008">940726s1877    ua            000 0 ara d</controlfield>
<datafield tag="035" ind1=" " ind2=" ">
<subfield code="a">(OCoLC)476966761</subfield>
</datafield>
<datafield tag="040" ind1=" " ind2=" ">
<subfield code="a">NjP</subfield>
<subfield code="b">eng</subfield>
<subfield code="c">N15</subfield>
<subfield code="d">OCLCQ</subfield>
<subfield code="d">OCLCO</subfield>
<subfield code="d">NNU</subfield>
</datafield>
<datafield tag="100" ind1="1" ind2=" ">
<subfield code="6">880-01</subfield>
<subfield code="a">Ibn al-Qāṣiḥ, ʻAlī ibn ʻUthmān,</subfield>
<subfield code="d">1316 or 1317-1398 or 1399.</subfield>
</datafield>
<datafield tag="245" ind1="1" ind2="0">
<subfield code="6">880-02</subfield>
<subfield code="a">Sharḥ al-ʻAllāmah Ibn al-Qāṣiḥ ʻalá al-Shāṭibīyah :</subfield>
<subfield code="b">al-musammá bi-Sirāj al-qāriʼ al-mubtadī wa-tadhkār al-muqriʼ al-muntahī. Wa-bi-hāmishihi Ghayth al-nafʻ fī al-qirāʼāt al-sabʻ /</subfield>
<subfield code="c">li-ʻAlī al-Nūrī al-Ṣafāqisī.</subfield>
</datafield>
<datafield tag="246" ind1="3" ind2=" ">
<subfield code="6">880-03</subfield>
<subfield code="a">Sirāj al-qāriʼ al-mubtadī wa-tadhkār al-muqriʼ al-muntahī</subfield>
</datafield>
<datafield tag="246" ind1="3" ind2=" ">
<subfield code="6">880-04</subfield>
<subfield code="a">Sharḥ Ibn al-Qāṣiḥ ʻalá al-Shāṭibīyah</subfield>
</datafield>
<datafield tag="246" ind1="3" ind2=" ">
<subfield code="6">880-05</subfield>
<subfield code="a">Ghayth al-nafʻ fī al-qirāʼāt al-sabʻ</subfield>
</datafield>
<datafield tag="260" ind1=" " ind2=" ">
<subfield code="6">880-06</subfield>
<subfield code="a">[Cairo] :</subfield>
<subfield code="b">al-Maṭbaʻah al-Kubrá al-ʻĀmirah,</subfield>
<subfield code="c">1293 [1877]</subfield>
</datafield>
<datafield tag="300" ind1=" " ind2=" ">
<subfield code="a">418 pages ;</subfield>
<subfield code="c">27 cm</subfield>
</datafield>
<datafield tag="336" ind1=" " ind2=" ">
<subfield code="a">text</subfield>
<subfield code="b">txt</subfield>
<subfield code="2">rdacontent</subfield>
</datafield>
<datafield tag="337" ind1=" " ind2=" ">
<subfield code="a">unmediated</subfield>
<subfield code="b">n</subfield>
<subfield code="2">rdamedia</subfield>
</datafield>
<datafield tag="338" ind1=" " ind2=" ">
<subfield code="a">volume</subfield>
<subfield code="b">nc</subfield>
<subfield code="2">rdacarrier</subfield>
</datafield>
<datafield tag="500" ind1=" " ind2=" ">
<subfield code="a">With as issued, al-Safāqsi, 'Ali al-Nūri. Ghaith al-nafa' fī al-qirā'āt al-sab'.</subfield>
</datafield>
<datafield tag="600" ind1="1" ind2="0">
<subfield code="6">880-07</subfield>
<subfield code="a">Shāṭibī, al-Qāsim ibn Fīrruh,</subfield>
<subfield code="d">1144-1194.</subfield>
<subfield code="t">Ḥirz al-amānī.</subfield>
</datafield>
<datafield tag="700" ind1="1" ind2="2">
<subfield code="6">880-01</subfield>
<subfield code="a">Nūrī al-Ṣafāqisī, ʻAlī ibn Muḥammad,</subfield>
<subfield code="d">approximately 1643-1706.</subfield>
<subfield code="t">Ghayth al-nafʻ fī al-qirāʼāt al-sabʻ.</subfield>
</datafield>
<datafield tag="880" ind1="1" ind2=" ">
<subfield code="6">100-01/</subfield>
<subfield code="a">ابن القاصح، علي بن عثمان،</subfield>
<subfield code="d">1316 or 1317-1398 or 1399.</subfield>
</datafield>
<datafield tag="880" ind1="1" ind2="0">
<subfield code="6">245-02/</subfield>
<subfield code="a">شرح العلامة ابن القاصح على الشاطبية :</subfield>
<subfield code="b">المسمى بسراج القارئ المبتدي وتذكار المقرئ المنتهي. وبهامشه غيث النفع في القراءات السبع /</subfield>
<subfield code="c">لعلي النوري الصفاقسي.</subfield>
</datafield>
<datafield tag="880" ind1="3" ind2=" ">
<subfield code="6">246-03/</subfield>
<subfield code="a">سراج القارئ المبتدي وتذكار المقرئ المنتهي</subfield>
</datafield>
<datafield tag="880" ind1="3" ind2=" ">
<subfield code="6">246-04/</subfield>
<subfield code="a">شرح ابن القاصح على الشاطبية</subfield>
</datafield>
<datafield tag="880" ind1="3" ind2=" ">
<subfield code="6">246-05/</subfield>
<subfield code="a">غيث النفع في القراءات السبع</subfield>
</datafield>
<datafield tag="880" ind1=" " ind2=" ">
<subfield code="6">260-06/</subfield>
<subfield code="a">[القاهرة] :</subfield>
<subfield code="b">المطبعة الكبرى العامرة،</subfield>
<subfield code="c">1293 [1877]</subfield>
</datafield>
<datafield tag="880" ind1="1" ind2="4">
<subfield code="6">600-07/</subfield>
<subfield code="a">شاطبي، القاسم بن فيره،</subfield>
<subfield code="d">1144-1194.</subfield>
<subfield code="t">حرز الاماني.</subfield>
</datafield>
<datafield tag="880" ind1="1" ind2="2">
<subfield code="6">700-01/</subfield>
<subfield code="a">نوري الصفاقسي، علي بن محمد،</subfield>
<subfield code="d">approximately 1643-1706.</subfield>
<subfield code="t">غيث النفع في القراءات السبع.</subfield>
</datafield>
<datafield tag="OWN" ind1=" " ind2=" ">
<subfield code="a">GENERAL</subfield>
</datafield>
<datafield tag="AVA" ind1=" " ind2=" ">
<subfield code="a">NYU50</subfield>
<subfield code="b">BOBST</subfield>
<subfield code="c">Main Collection</subfield>
<subfield code="d">BP174 .I16</subfield>
<subfield code="e">unavailable</subfield>
<subfield code="t">Unavailable</subfield>
<subfield code="f">1</subfield>
<subfield code="g">1</subfield>
<subfield code="h">N</subfield>
<subfield code="i">0</subfield>
<subfield code="j">MAIN</subfield>
<subfield code="k">0</subfield>
</datafield>
</record>
